\begin{thebibliography}

@article{Cross2017,
author = {Cross, Eben S. and Williams, Leah R. and Lewis, David K. and Magoon, Gregory R. and Onasch, Timothy B. and Kaminsky, Michael L. and Worsnop, Douglas R. and Jayne, John T.},
doi = {10.5194/amt-10-3575-2017},
isbn = {1867-8548},
issn = {18678548},
journal = {Atmospheric Measurement Techniques},
number = {9},
pages = {3575--3588},
title = {{Use of electrochemical sensors for measurement of air pollution: Correcting interference response and validating measurements}},
volume = {10},
year = {2017}
}

@article{Clements2017,
author = {Clements, Andrea L and Griswold, William G and RS, Abhijit and Johnston, Jill E and Herting, Megan M and Thorson, Jacob and Collier-Oxandale, Ashley and Hannigan, Michael},
doi = {10.3390/s17112478},
isbn = {1919541136},
journal = {Sensors},
title = {{Low-Cost Air Quality Monitoring Tools: From Research to Practice (A Workshop Summary)}},
volume = {17},
year = {2017}
}

@article{Jerrett2017,
author = {Jerrett, Michael and Donaire-gonzalez, David and Popoola, Olalekan and Jones, Roderic and Cohen, Ronald C and Almanza, Estela and Nazelle, Audrey De and Mead, Iq and Carrasco-turigas, Gl{\`{o}}ria and Cole-hunter, Tom and Triguero-mas, Margarita and Seto, Edmund and Nieuwenhuijsen, Mark},
doi = {10.1016/j.envres.2017.04.023},
issn = {0013-9351},
journal = {Environmental Research},
pages = {286--294},
publisher = {Elsevier Inc.},
title = {{Validating novel air pollution sensors to improve exposure estimates for epidemiological analyses and citizen science}},
volume = {158},
year = {2017}
}

@article{Castell2017,
author = {Castell, Nuria and Dauge, Franck R and Schneider, Philipp and Vogt, Matthias and Lerner, Uri and Fishbain, Barak and Broday, David and Bartonova, Alena},
doi = {10.1016/j.envint.2016.12.007},
issn = {0160-4120},
journal = {Environment International},
pages = {293--302},
title = {{Can commercial low-cost sensor platforms contribute to air quality monitoring and exposure estimates?}},
volume = {99},
year = {2017}
}

@article{DeVito2009,
author = {{De Vito}, Saverio and Piga, Marco and Martinotto, Luca and {Di Francia}, Girolamo},
doi = {10.1016/j.snb.2009.08.041},
issn = {09254005},
journal = {Sensors and Actuators, B: Chemical},
number = {2},
pages = {182--191},
title = {{CO, NO2, and NOx urban pollution monitoring with on-field calibrated electronic nose by automatic bayesian regularization}},
volume = {143},
year = {2009}
}

@article{Monn1997,
  title={Small-scale spatial variability of particulate matter< 10 $\mu$m (PM10) and nitrogen dioxide},
  author={Monn, Ch and Carabias, Vicente and Junker, Martin and Waeber, Roger and Karrer, Markus and Wanner, Hans-Urs},
  journal={Atmospheric Environment},
  volume={31},
  number={15},
  pages={2243--2247},
  year={1997},
  publisher={Elsevier}
}

@article{Zimmerman2018,
  title={A machine learning calibration model using random forests to improve sensor performance for lower-cost air quality monitoring.},
  author={Zimmerman, Naomi and Presto, Albert A and Kumar, Sriniwasa PN and Gu, Jason and Hauryliuk, Aliaksei and Robinson, Ellis S and Robinson, Allen L and Subramanian, R},
  journal={Atmospheric Measurement Techniques},
  volume={11},
  number={1},
  year={2018}
}

@article{Sadighi2018,
  title={Intra-urban spatial variability of surface ozone in Riverside, CA: viability and validation of low-cost sensors.},
  author={Sadighi, Kira and Coffey, Evan and Polidori, Andrea and Feenstra, Brandon and Lv, Qin and Henze, Daven K and Hannigan, Michael},
  journal={Atmospheric Measurement Techniques},
  volume={11},
  number={3},
  year={2018}
}

@misc{Snyder2013,
  title={The changing paradigm of air pollution monitoring},
  author={Snyder, Emily G and Watkins, Timothy H and Solomon, Paul A and Thoma, Eben D and Williams, Ronald W and Hagler, Gayle SW and Shelow, David and Hindin, David A and Kilaru, Vasu J and Preuss, Peter W},
  year={2013},
  publisher={ACS Publications}
}

@article{Wheeler2008,
  title={Intra-urban variability of air pollution in Windsor, Ontarioâ€”measurement and modeling for human exposure assessment},
  author={Wheeler, Amanda J and Smith-Doiron, Marc and Xu, Xiaohong and Gilbert, Nicolas L and Brook, Jeffrey R},
  journal={Environmental Research},
  volume={106},
  number={1},
  pages={7--16},
  year={2008},
  publisher={Elsevier}
}

@article{Wilson2005,
  title={A review of intraurban variations in particulate air pollution: Implications for epidemiological research},
  author={Wilson, J Gaines and Kingham, Simon and Pearce, Jamie and Sturman, Andrew P},
  journal={Atmospheric Environment},
  volume={39},
  number={34},
  pages={6444--6462},
  year={2005},
  publisher={Elsevier}
}

@article{Spinelle2015,
  title={Field calibration of a cluster of low-cost available sensors for air quality monitoring. Part A: Ozone and nitrogen dioxide},
  author={Spinelle, Laurent and Gerboles, Michel and Villani, Maria Gabriella and Aleixandre, Manuel and Bonavitacola, Fausto},
  journal={Sensors and Actuators B: Chemical},
  volume={215},
  pages={249--257},
  year={2015},
  publisher={Elsevier}
}

@article{Wu2012,
  title={Exposures to volatile organic compounds (VOCs) and associated health risks of socio-economically disadvantaged population in a" hot spot" in Camden, New Jersey.},
  author={Wu, XM and Fan, ZT and Zhu, X and Jung, KH and Ohman-Strickland, P and Weisel, CP and Lioy, PJ},
  journal={Atmospheric environment},
  volume={57},
  pages={72--79},
  year={2012},
  publisher={Elsevier}
}

@article{Spinelle2014,
  title={Calibration of a cluster of low-cost sensors for the measurement of air pollution in ambient air},
  author={Spinelle, Laurent and Gerboles, Michel and Villani, Maria Gabriella and Aleixandre, Manuel and Bonavitacola, Fausto},
  journal={SENSORS},
  pages={21--24},
  year={2014}
}

@article{English2016,
  title={The Imperial County Community Air Monitoring Network: a model for community-based environmental monitoring for public health action},
  author={English, Paul B and Olmedo, Luis and Bejarano, Ester and Lugo, Humberto and Murillo, Eduardo and Seto, Edmund and Wong, Michelle and King, Galatea and Wilkie, Alexa and Meltzer, Dan and others},
  journal={Environmental health perspectives},
  volume={125},
  number={7},
  year={2017},
  publisher={National Institute of Environmental Health Science}
}

@article{Hagan2018,
  title={Calibration and assessment of electrochemical air quality sensors by co-location with regulatory-grade instruments},
  author={Hagan, David H and Isaacman-VanWertz, Gabriel and Franklin, Jonathan P and Wallace, Lisa MM and Kocar, Benjamin D and Heald, Colette L and Kroll, Jesse H},
  year={2018},
  publisher={Copernicus GmbH}
}

@article{Piedrahita2014,
  title={The next generation of low-cost personal air quality sensors for quantitative exposure monitoring},
  author={Piedrahita, Ricardo and Xiang, Yun and Masson, Nick and Ortega, John and Collier, Ashley and Jiang, Yifei and Li, Kun and Dick, Robert P and Lv, Qin and Hannigan, Micahel and others},
  journal={Atmospheric Measurement Techniques},
  volume={7},
  number={10},
  pages={3325--3336},
  year={2014},
  publisher={Copernicus GmbH}
}

@article{Casey2018performance,
  title={Performance of artificial neural networks and linear models to quantify 4 trace gas species in an oil and gas production region with low-cost sensors},
  author={Casey, JG and Collier-Oxandale, AM and Hannigan, MP},
  journal={Sens. Actuators B},
  pages={submitted},
  year={2018}
}

@article{Bigi2018performance,
  title={Performance of NO, NO 2 low cost sensors and three calibration approaches within a real world application},
  author={Bigi, Alessandro and Mueller, Michael and Grange, Stuart K and Ghermandi, Grazia and Hueglin, Christoph},
  journal={Atmospheric Measurement Techniques Discussions},
  pages={in review},
  year={2018}
}

@article{Malings2018development,
  title={Development of a General Calibration Model and Long-Term Performance Evaluation of Low-Cost Sensors for Air Pollutant Gas Monitoring},
  author={Malings, Carl and Tanzer, Rebecca and Hauryliuk, Aliaksei and Kumar, Sriniwasa P.N. and Zimmerman, Naomi and Kara, Levent B and Presto, Alberta A and Subramanian, R},
  journal={Atmospheric Measurement Techniques Discussions},
  pages={in review},
  year={2018}
}

@article{Casey2018testing,
  title={Testing the performance of field calibration techniques for low-cost gas sensors in new deployment locations: across a county line and across Colorado},
  author={Casey, Joanna Gordon and Hannigan, Michael P},
  journal={Atmospheric Measurement Techniques},
  volume={11},
  number={11},
  pages={6351--6378},
  year={2018},
  publisher={Copernicus GmbH}
}

@article{Brunekreef2002Air,
  title={Air pollution and health},
  author={Brunekreef, Bert and Holgate, Stephen T},
  journal={The lancet},
  volume={360},
  number={9341},
  pages={1233--1242},
  year={2002},
  publisher={Elsevier}
}

@inproceedings{Chan2017context,
  title={Context-aware system design},
  author={Chan, Christine S and Ostertag, Michael H and Aky{\"u}rek, Alper Sinan and Rosing, Tajana {\v{S}}imuni{\'c}},
  booktitle={Micro-and Nanotechnology Sensors, Systems, and Applications IX},
  volume={10194},
  pages={101940B},
  year={2017},
  organization={International Society for Optics and Photonics}
}

@article{SPINELLE2015480,
title = "Performance Evaluation of Amperometric Sensors for the Monitoring of O3 and NO2 in Ambient Air at ppb Level",
journal = "Procedia Engineering",
volume = "120",
pages = "480 - 483",
year = "2015",
note = "Eurosensors 2015",
issn = "1877-7058",
doi = "https://doi.org/10.1016/j.proeng.2015.08.676",
url = "http://www.sciencedirect.com/science/article/pii/S1877705815023395",
author = "Laurent Spinelle and Michel Gerboles and Manuel Aleixandre",
keywords = "Protocol of sensor evaluation, measurement uncertainty, low cost sensors, validation",

}

@article{SPINELLE2017706,
title = "Field calibration of a cluster of low-cost commercially available sensors for air quality monitoring. Part B: NO, CO and CO2",
journal = "Sensors and Actuators B: Chemical",
volume = "238",
pages = "706 - 715",
year = "2017",
issn = "0925-4005",
doi = "https://doi.org/10.1016/j.snb.2016.07.036",
url = "http://www.sciencedirect.com/science/article/pii/S092540051631070X",
author = "Laurent Spinelle and Michel Gerboles and Maria Gabriella Villani and Manuel Aleixandre and Fausto Bonavitacola",
keywords = "Low-cost gas sensors, Validation, Measurement uncertainty, Multivariate linear regression, Artificial neural network, Air Quality Directive",

}

@manual{datasheetphoton,
organization  = "Particle",
title   = "Photon Datasheet",
year    =  2017,    
note    = "v015",
url     = "https://docs.particle.io/datasheets/wi-fi/photon-datasheet/",
}



\end{thebibliography}