@article{SPINELLE2017706,
title = "Field calibration of a cluster of low-cost commercially available sensors for air quality monitoring. Part B: NO, CO and CO2",
journal = "Sensors and Actuators B: Chemical",
volume = "238",
pages = "706 - 715",
year = "2017",
issn = "0925-4005",
doi = "https://doi.org/10.1016/j.snb.2016.07.036",
url = "http://www.sciencedirect.com/science/article/pii/S092540051631070X",
author = "Laurent Spinelle and Michel Gerboles and Maria Gabriella Villani and Manuel Aleixandre and Fausto Bonavitacola",
keywords = "Low-cost gas sensors, Validation, Measurement uncertainty, Multivariate linear regression, Artificial neural network, Air Quality Directive",

}